<?xml version="1.0" encoding="UTF-8"?><collection xmlns="http://www.loc.gov/MARC21/slim"><record><leader>00341nam--2200133-i-4500</leader><controlfield tag="001">000022623</controlfield><controlfield tag="002">20161230</controlfield><controlfield tag="005">20161230201034</controlfield><controlfield tag="008">060222s1000------------r-----000-0-eng-d</controlfield><datafield ind1=" " ind2=" " tag="080"><subfield code="a">541.183.11:661.183.12</subfield></datafield><datafield ind1=" " ind2=" " tag="245"><subfield code="a">Ionenaustauscher und ihre anwendung</subfield></datafield><datafield ind1=" " ind2=" " tag="260"><subfield code="a">Budapest,Akademiai Kiado, 1965. 270p</subfield></datafield><datafield ind1=" " ind2=" " tag="700"><subfield code="a">Inczedy, J</subfield></datafield><datafield ind1=" " ind2=" " tag="852"><subfield code="a">23369</subfield></datafield></record></collection>